<?xml version="1.0" encoding="UTF-8"?>
<record xmlns="http://www.loc.gov/MARC21/slim">
   <leader>03792cam a2200409 a 4500</leader>
   <controlfield tag="001">857279</controlfield>
   <controlfield tag="003">NjP</controlfield>
   <controlfield tag="005">20170605125948.0</controlfield>
   <controlfield tag="008">940103s1885    ti            000 0 ara d</controlfield>
   <datafield tag="024" ind1="7" ind2=" ">
      <subfield code="a">princeton_aco003551</subfield>
      <subfield code="2">local</subfield>
   </datafield>
   <datafield ind1=" " ind2=" " tag="035">
      <subfield code="a">(OCoLC)ocn176339922</subfield>
   </datafield>
   <datafield ind1=" " ind2=" " tag="035">
      <subfield code="a">(OCoLC)176339922</subfield>
   </datafield>
   <datafield ind1=" " ind2=" " tag="035">
      <subfield code="a">(CStRLIN)NJPG94-B29</subfield>
   </datafield>
   <datafield ind1=" " ind2=" " tag="035">
      <subfield code="9">CAX2565TS</subfield>
   </datafield>
   <datafield ind1=" " ind2=" " tag="035">
      <subfield code="a">(NjP)857279</subfield>
   </datafield>
   <datafield ind1=" " ind2=" " tag="040">
      <subfield code="a">NjP</subfield>
      <subfield code="c">PUL</subfield>
      <subfield code="d">PUL</subfield>
   </datafield>
   <datafield ind1=" " ind2=" " tag="049">
      <subfield code="a">PULL</subfield>
   </datafield>
   <datafield ind1=" " ind2=" " tag="079">
      <subfield code="a">ocm30141354</subfield>
   </datafield>
   <datafield ind1="1" ind2=" " tag="100">
      <subfield code="6">880-01</subfield>
      <subfield code="a">Rashīdī, ʻUmar ibn ʻAlī,</subfield>
      <subfield code="d">-1356.</subfield>
      <subfield code="0">http://id.loc.gov/authorities/names/nr94014284</subfield>
   </datafield>
   <datafield ind1="1" ind2="0" tag="240">
      <subfield code="6">880-02</subfield>
      <subfield code="a">Ibtisām al-ghurūs wa-washá al-ṭurūs fī manāqib quṭb al-aqṭāb wa-al-ghawth al-multajā ilayhi bi-lā irtiyāb al-sāmī maqāmihi alladhī intasharat ʻalá āfāq al-basīṭah aʻlāmihi al-muḥī riyāḍ al-ʻulūm al-ḥaqīqah baʻd al-durūs waḥīd dahrihi wa-farīd ʻaṣrihi Sayyidī Aḥmad ibn ʻArūs</subfield>
   </datafield>
   <datafield ind1="1" ind2="0" tag="245">
      <subfield code="6">880-03</subfield>
      <subfield code="a">Hādhā Kitāb ibtisām al-ghurūs wa-washá al-ṭurūs fī manāqib quṭb al-aqṭāb wa-al-ghawth al-multajā ilayhi bi-lā irtiyāb al-sāmī maqāmihi alladhī intasharat ʻalá āfāq al-basīṭah aʻlāmihi al-muḥī riyāḍ al-ʻulūm al-ḥaqīqah baʻd al-durūs waḥīd dahrihi wa-farīd ʻaṣrihi Sayyidī Aḥmad ibn ʻArūs /</subfield>
      <subfield code="c">taʼlīf ʻUmar ibn ʻAlī al-Jazāʼirī al-Rāshidī.</subfield>
   </datafield>
   <datafield ind1=" " ind2=" " tag="250">
      <subfield code="6">880-04</subfield>
      <subfield code="a">al-Ṭabʻah 1.</subfield>
   </datafield>
   <datafield ind1=" " ind2=" " tag="260">
      <subfield code="6">880-05</subfield>
      <subfield code="a">[Tūnis] :</subfield>
      <subfield code="b">Maṭbaʻat al-Dawlah al-Tūnisīyah,</subfield>
      <subfield code="c">1303 [1885 or 1886]</subfield>
   </datafield>
   <datafield ind1=" " ind2=" " tag="300">
      <subfield code="a">522 p. ;</subfield>
      <subfield code="c">23 cm.</subfield>
   </datafield>
   <datafield ind1="1" ind2="0" tag="600">
      <subfield code="6">880-06</subfield>
      <subfield code="a">Ibn ʻArūs, Aḥmad,</subfield>
      <subfield code="d">-1463 or 1464.</subfield>
      <subfield code="0">http://id.loc.gov/authorities/names/nr94014298</subfield>
   </datafield>
   <datafield ind1="0" ind2=" " tag="740">
      <subfield code="6">880-07</subfield>
      <subfield code="a">Ibtisām al-ghurūs wa-washá al-ṭurūs fī manāqib quṭb al-aqṭāb wa-al-ghawth al-multajā ilayhi bi-lā irtiyāb al-sāmī maqāmihi alladhī intasharat ʻalá āfāq al-basīṭah aʻlāmihi al-muḥī riyāḍ al-ʻulūm al-ḥaqīqah baʻd al-durūs waḥīd dahrihi wa-farīd ʻaṣrihi Sayyidī Aḥmad ibn ʻArūs.</subfield>
   </datafield>
   <datafield ind1="1" ind2=" " tag="880">
      <subfield code="6">100-01/r</subfield>
      <subfield code="a">رشيدي، عمر بن علي،</subfield>
      <subfield code="d">-1356.</subfield>
   </datafield>
   <datafield ind1="1" ind2="0" tag="880">
      <subfield code="6">240-02/r</subfield>
      <subfield code="a">ابتسام الغروس ووشى الطروس في مناقب قطب الاقطاب والغوث الملتجا اليه بلا ارتياب السامي مقامه الذي انتشرة على آفاق البسيطة اعلامه المحي رياض العلوم الحقيقة بعد الدروس وحيد دهره وفريد عصره سيدي احمد بن عروس</subfield>
   </datafield>
   <datafield ind1="1" ind2="0" tag="880">
      <subfield code="6">245-03/r</subfield>
      <subfield code="a">هذا كتاب ابتسام الغروس ووشى الطروس في مناقب قطب الاقطاب والغوث الملتجا اليه بلا ارتياب السامي مقامه الذي انتشرة على آفاق البسيطة اعلامه المحي رياض العلوم الحقيقة بعد الدروس وحيد دهره وفريد عصره سيدي احمد بن عروس /</subfield>
      <subfield code="c">تأليف عمر بن علي الجزائري الراشدي.</subfield>
   </datafield>
   <datafield ind1=" " ind2=" " tag="880">
      <subfield code="6">250-04/r</subfield>
      <subfield code="a">الطبعة 1.</subfield>
   </datafield>
   <datafield ind1=" " ind2=" " tag="880">
      <subfield code="6">260-05/r</subfield>
      <subfield code="a">[تونس] :</subfield>
      <subfield code="b">مطبعة الدولة التونسية،</subfield>
      <subfield code="c">1303 [1885 or 1886]</subfield>
   </datafield>
   <datafield ind1="1" ind2="4" tag="880">
      <subfield code="6">600-06/r</subfield>
      <subfield code="a">ابن عروس، احمد،</subfield>
      <subfield code="d">-1463 or 1464.</subfield>
   </datafield>
   <datafield ind1="0" ind2=" " tag="880">
      <subfield code="6">740-07/r</subfield>
      <subfield code="a">ابتسام الغروس ووشى الطروس في مناقب قطب الاقطاب والغوث الملتجا اليه بلا ارتياب السامي مقامه الذي انتشرة على آفاق البسيطة اعلامه المحي رياض العلوم الحقيقة بعد الدروس وحيد دهره وفريد عصره سيدي احمد بن عروس.</subfield>
   </datafield>
   <datafield ind1="4" ind2=" " tag="856">
      <subfield code="u">http://hdl.handle.net/2027/njp.32101067574960</subfield>
   </datafield>
   <datafield ind1=" " ind2=" " tag="998">
      <subfield code="a">03/29/94</subfield>
      <subfield code="s">9114</subfield>
      <subfield code="n">NjP</subfield>
      <subfield code="w">NJPG94B29</subfield>
      <subfield code="d">01/03/94</subfield>
      <subfield code="c">KC</subfield>
      <subfield code="b">KC</subfield>
      <subfield code="i">940329</subfield>
      <subfield code="l">NJPG</subfield>
   </datafield>
   <datafield ind1=" " ind2=" " tag="911">
      <subfield code="a">19940414</subfield>
   </datafield>
   <datafield ind1=" " ind2=" " tag="912">
      <subfield code="a">19940329000000.0</subfield>
   </datafield>
   <datafield ind1=" " ind2=" " tag="994">
      <subfield code="a">C0</subfield>
      <subfield code="b">PUL</subfield>
   </datafield>
   <datafield ind1=" " ind2=" " tag="999">
      <subfield code="a">857279</subfield>
   </datafield>
   <datafield ind1="0" ind2="0" tag="852">
      <subfield code="0">976886</subfield>
      <subfield code="b">rcppa</subfield>
      <subfield code="t">1</subfield>
      <subfield code="h">PJ7760.I178</subfield>
      <subfield code="i">J392 1885</subfield>
      <subfield code="x">tr fr anxa</subfield>
   </datafield>
   <datafield ind1="8" ind2=" " tag="852">
      <subfield code="0">8684813</subfield>
      <subfield code="b">elf1</subfield>
      <subfield code="h">Electronic Resource</subfield>
   </datafield>
   <datafield ind1=" " ind2=" " tag="959">
      <subfield code="a">2000-06-08 00:00:00 -0400</subfield>
   </datafield>
</record>
